@article{MR3509968,
  author = {Chatterji, Indira and Fernós, Talia and Iozzi, Alessandra},
  title = {The median class and superrigidity of actions on {$\mathrm{CAT(0)}$} cube complexes},
  note = {With an appendix by Pierre-Emmanuel Caprace},
  journal = {J. Topol.},
  fjournal = {Journal of Topology},
  volume = {9},
  year = {2016},
  number = {2},
  pages = {349--400},
  issn = {1753-8416},
  mrclass = {20F67 (20J06 22F10 53C23)},
  mrnumber = {3509968},
  mrreviewer = {Aditi Kar},
  doi = {10.1112/jtopol/jtu025},
  url = {http://dx.doi.org/10.1112/jtopol/jtu025}
}

@online{1507.05511,
Author = {Talia Fernós},
Title = {The Furstenberg Poisson Boundary and {$\mathrm{CAT(0)}$} Cube Complexes},
Year = {2015},
Eprint = {1507.05511},
Eprinttype = {arXiv},
}

@article{MR3095714,
  author = {Nevo, Amos and Sageev, Michah},
  title = {The {P}oisson boundary of {$\mathrm{CAT(0)}$} cube complex groups},
  journal = {Groups Geom. Dyn.},
  fjournal = {Groups, Geometry, and Dynamics},
  volume = {7},
  year = {2013},
  number = {3},
  pages = {653--695},
  issn = {1661-7207},
  mrclass = {20P05 (22F10 37B05 57S30 60J50)},
  mrnumber = {3095714},
  mrreviewer = {Alain Valette},
  doi = {10.4171/GGD/202},
  url = {http://dx.doi.org/10.4171/GGD/202}
}

@article{MR1347406,
  author = {Sageev, Michah},
  title = {Ends of group pairs and non-positively curved cube complexes},
  journal = {Proc. London Math. Soc. (3)},
  fjournal = {Proceedings of the London Mathematical Society. Third Series},
  volume = {71},
  year = {1995},
  number = {3},
  pages = {585--617},
  issn = {0024-6115},
  mrclass = {20F32 (20E08)},
  mrnumber = {1347406},
  mrreviewer = {G. Peter Scott},
  doi = {10.1112/plms/s3-71.3.585},
  url = {http://dx.doi.org/10.1112/plms/s3-71.3.585}
}

@incollection{MR919829,
  author = {Gromov, M.},
  title = {Hyperbolic groups},
  booktitle = {Essays in group theory},
  series = {Math. Sci. Res. Inst. Publ.},
  volume = {8},
  pages = {75--263},
  publisher = {Springer, New York},
  year = {1987},
  mrclass = {20F32 (20F06 20F10 22E40 53C20 57R75 58F17)},
  mrnumber = {919829},
  mrreviewer = {Christopher W. Stark},
  doi = {10.1007/978-1-4613-9586-7_3},
  url = {http://dx.doi.org/10.1007/978-1-4613-9586-7_3}
}

@article{MR3530464,
  author = {Bader, Uri and Duchesne, Bruno and L\'ecureux, Jean},
  title = {Furstenberg maps for {$\mathrm{CAT}(0)$} targets of finite telescopic dimension},
  journal = {Ergodic Theory Dynam. Systems},
  fjournal = {Ergodic Theory and Dynamical Systems},
  volume = {36},
  year = {2016},
  number = {6},
  pages = {1723--1742},
  issn = {0143-3857},
  mrclass = {20F67 (22F10 37C85 53C23)},
  mrnumber = {3530464},
  mrreviewer = {Andrzej W. Bi\AA },
  doi = {10.1017/etds.2014.147},
  url = {http://dx.doi.org/10.1017/etds.2014.147}
}
